{
  "leader": "05338cam a2200493 a 4500",
  "fields": [
    {
      "001": "ocm37688309\\"
    },
    {
      "003": "OCoLC"
    },
    {
      "005": "20220701164056.0"
    },
    {
      "008": "970916s1997\\\\\\\\enkab\\\\\\\\b\\\\\\\\001\\0\\eng\\\\"
    },
    {
      "010": {
        "ind1": "\\",
        "ind2": "\\",
        "subfields": [
          {
            "a": "   97038356 "
          }
        ]
      }
    },
    {
      "040": {
        "ind1": "\\",
        "ind2": "\\",
        "subfields": [
          {
            "a": "DLC"
          },
          {
            "b": "eng"
          },
          {
            "c": "DLC"
          },
          {
            "d": "UKM"
          },
          {
            "d": "ZBL"
          },
          {
            "d": "C#P"
          },
          {
            "d": "FCI"
          },
          {
            "d": "BAKER"
          },
          {
            "d": "NLGGC"
          },
          {
            "d": "BTCTA"
          },
          {
            "d": "YDXCP"
          },
          {
            "d": "OCLCG"
          },
          {
            "d": "GGYBL"
          },
          {
            "d": "DOS"
          },
          {
            "d": "BDX"
          },
          {
            "d": "GBVCP"
          },
          {
            "d": "OCLCF"
          },
          {
            "d": "OCLCQ"
          },
          {
            "d": "DEBBG"
          },
          {
            "d": "OCLCQ"
          },
          {
            "d": "AU@"
          },
          {
            "d": "OCLCO"
          },
          {
            "d": "OCLCQ"
          },
          {
            "d": "DCT"
          },
          {
            "d": "OCLCQ"
          },
          {
            "d": "L2U"
          },
          {
            "d": "OCLCQ"
          },
          {
            "d": "MM9"
          },
          {
            "d": "IL4J6"
          },
          {
            "d": "UKMGB"
          }
        ]
      }
    },
    {
      "015": {
        "ind1": "\\",
        "ind2": "\\",
        "subfields": [
          {
            "a": "GB9804867"
          },
          {
            "2": "bnb"
          }
        ]
      }
    },
    {
      "015": {
        "ind1": "0",
        "ind2": "0",
        "subfields": [
          {
            "a": "b9804867"
          }
        ]
      }
    },
    {
      "016": {
        "ind1": "7",
        "ind2": "\\",
        "subfields": [
          {
            "a": "000013323971"
          },
          {
            "2": "AU"
          }
        ]
      }
    },
    {
      "016": {
        "ind1": "7",
        "ind2": "\\",
        "subfields": [
          {
            "a": "012601374"
          },
          {
            "2": "Uk"
          }
        ]
      }
    },
    {
      "019": {
        "ind1": "\\",
        "ind2": "\\",
        "subfields": [
          {
            "a": "38336956"
          },
          {
            "a": "39340339"
          },
          {
            "a": "1001082615"
          },
          {
            "a": "1057985020"
          },
          {
            "a": "1170891605"
          }
        ]
      }
    },
    {
      "020": {
        "ind1": "\\",
        "ind2": "\\",
        "subfields": [
          {
            "a": "0198257309"
          },
          {
            "q": "(hardbound ;"
          },
          {
            "q": "acid-free paper)"
          }
        ]
      }
    },
    {
      "020": {
        "ind1": "\\",
        "ind2": "\\",
        "subfields": [
          {
            "a": "9780198257301"
          },
          {
            "q": "(hardbound ;"
          },
          {
            "q": "acid-free paper)"
          }
        ]
      }
    },
    {
      "035": {
        "ind1": "\\",
        "ind2": "\\",
        "subfields": [
          {
            "a": "(OCoLC)37688309"
          },
          {
            "z": "(OCoLC)38336956"
          },
          {
            "z": "(OCoLC)39340339"
          },
          {
            "z": "(OCoLC)1001082615"
          },
          {
            "z": "(OCoLC)1057985020"
          },
          {
            "z": "(OCoLC)1170891605"
          }
        ]
      }
    },
    {
      "037": {
        "ind1": "\\",
        "ind2": "\\",
        "subfields": [
          {
            "c": "No price : Formerly CIP"
          }
        ]
      }
    },
    {
      "050": {
        "ind1": "0",
        "ind2": "0",
        "subfields": [
          {
            "a": "KZD1145"
          },
          {
            "b": ".C48 1997"
          }
        ]
      }
    },
    {
      "080": {
        "ind1": "\\",
        "ind2": "\\",
        "subfields": [
          {
            "a": "341.226"
          }
        ]
      }
    },
    {
      "082": {
        "ind1": "0",
        "ind2": "0",
        "subfields": [
          {
            "a": "341.75679"
          },
          {
            "b": "CHE"
          }
        ]
      }
    },
    {
      "100": {
        "ind1": "1",
        "ind2": "\\",
        "subfields": [
          {
            "a": "Cheng, Bin,"
          },
          {
            "d": "1921-"
          }
        ]
      }
    },
    {
      "245": {
        "ind1": "1",
        "ind2": "0",
        "subfields": [
          {
            "a": "Studies in international space law /"
          },
          {
            "c": "Bin Cheng."
          }
        ]
      }
    },
    {
      "260": {
        "ind1": "\\",
        "ind2": "\\",
        "subfields": [
          {
            "a": "Oxford :"
          },
          {
            "b": "Clarendon Press ;"
          },
          {
            "a": "New York :"
          },
          {
            "b": "Oxford University Press,"
          },
          {
            "c": "1997."
          }
        ]
      }
    },
    {
      "300": {
        "ind1": "\\",
        "ind2": "\\",
        "subfields": [
          {
            "a": "lxviii, 798 pages :"
          },
          {
            "b": "illustrations, maps ;"
          },
          {
            "c": "24 cm"
          }
        ]
      }
    },
    {
      "336": {
        "ind1": "\\",
        "ind2": "\\",
        "subfields": [
          {
            "a": "text"
          },
          {
            "b": "txt"
          },
          {
            "2": "rdacontent"
          }
        ]
      }
    },
    {
      "337": {
        "ind1": "\\",
        "ind2": "\\",
        "subfields": [
          {
            "a": "unmediated"
          },
          {
            "b": "n"
          },
          {
            "2": "rdamedia"
          }
        ]
      }
    },
    {
      "338": {
        "ind1": "\\",
        "ind2": "\\",
        "subfields": [
          {
            "a": "volume"
          },
          {
            "b": "nc"
          },
          {
            "2": "rdacarrier"
          }
        ]
      }
    },
    {
      "504": {
        "ind1": "\\",
        "ind2": "\\",
        "subfields": [
          {
            "a": "Includes bibliographical references (pages 755-769) and index."
          }
        ]
      }
    },
    {
      "520": {
        "ind1": "\\",
        "ind2": "\\",
        "subfields": [
          {
            "a": "This important new collection of studies in international space law was written by a leading authority in international law, air law, and space law. The book's twenty-six articles fully examine the major developments and issues of the law governing human activities in space--from television broadcasts, the regulation of space junk, and the governance of State activities on the moon to the legal status of astronauts, the nationality of spacecraft, and arms control. These papers also examine the effect and influence of UN Treaties in this area. The author has, in his examination of this exciting branch of the law, drawn from it valuable lessons for the future development of international law in general.--Publisher description."
          }
        ]
      }
    },
    {
      "505": {
        "ind1": "0",
        "ind2": "\\",
        "subfields": [
          {
            "a": "Part I: International law and space law. 1. In the beginning: the international geophysical year -- 2. International law and high altitude flights: balloons, rockets, and man-made satellites -- 3. From air law to space law -- 4. International co-operation and control: from atoms to space -- 5. The extraterrestrial application of international law. Part II: The United Nations and outer space. 6. The United Nations and outer space -- 7. United Nations resolutions on outer space: 'instant' international customary law? -- 8. The United Nations and the development of international law relating to outer space. Part III: United Nations treaties on outer space. 9. The 1967 Space Treaty -- 10. The 1968 Astronauts Agreement -- 11. The 1972 Convention on International Liability for Damage Caused by Space Objects -- 12. The Moon Treaty: Agreement governing the activities of States on the moon and other celestial bodies within the solar system other than earth. Part IV: Outer space, astronauts, and space objects. 13. Outer space: the international legal framework- the international legal status of outer space, space objects, and spacemen -- 14. The legal regime of airspace and outer space: the boundary problem: Functionalism versus spatialsim: the major premises -- 15. The legal status of astronauts -- 16. Legal status of spacecraft, satellites, and space objects -- 17. Nationality for spacecraft? -- 18. Definitional issues in space law: 'space objects', 'astronauts', and related expressions. Part V: Military use of outer space. 19. Definitional issues in space law: the 'peaceful use' of outer space, including the moon and other celestial bodies -- 20. The military use of outer space and international law. Part VI: Commercial uses of outer space and international law. 21. Communications satellites -- 22. Legal and commercial aspects of data gathering by remote sensing -- 23. International responsibility and liability for launch activities -- 24. International responsibility and liability of States for national activities in outer space, especially by non-governmental entities -- 25. The commercial development of space: the need for new treaties. Epilogue: The contribution of air and space law to the development of international law. Appendix. I. Treaties relating to outer space concluded under the auspices of the United Nations -- II. United Nations General Assembly on Resolutions adopting principles on the exploration and use of outer space."
          }
        ]
      }
    },
    {
      "546": {
        "ind1": "\\",
        "ind2": "\\",
        "subfields": [
          {
            "a": "English."
          }
        ]
      }
    },
    {
      "540": {
        "ind1": "\\",
        "ind2": "\\",
        "subfields": [
          {
            "a": "Current Copyright Fee: GBP22.50"
          },
          {
            "c": "0."
          },
          {
            "5": "Uk"
          }
        ]
      }
    },
    {
      "650": {
        "ind1": "\\",
        "ind2": "0",
        "subfields": [
          {
            "a": "Space law."
          }
        ]
      }
    },
    {
      "650": {
        "ind1": "\\",
        "ind2": "7",
        "subfields": [
          {
            "a": "Space law."
          },
          {
            "2": "fast"
          },
          {
            "0": "(OCoLC)fst01127758"
          }
        ]
      }
    },
    {
      "776": {
        "ind1": "0",
        "ind2": "8",
        "subfields": [
          {
            "i": "Online version:"
          },
          {
            "a": "Cheng, Bin, 1921-"
          },
          {
            "t": "Studies in international space law."
          },
          {
            "d": "Oxford : Clarendon Press ; New York : Oxford University Press, 1997"
          },
          {
            "w": "(OCoLC)706032996"
          }
        ]
      }
    },
    {
      "830": {
        "ind1": "\\",
        "ind2": "0",
        "subfields": [
          {
            "a": "Oxford scholarship online."
          },
          {
            "5": "net"
          }
        ]
      }
    },
    {
      "856": {
        "ind1": "4",
        "ind2": "1",
        "subfields": [
          {
            "3": "Table of contents"
          },
          {
            "u": "http://catdir.loc.gov/catdir/enhancements/fy0606/97038356-t.html"
          }
        ]
      }
    },
    {
      "856": {
        "ind1": "4",
        "ind2": "2",
        "subfields": [
          {
            "3": "Publisher description"
          },
          {
            "u": "http://catdir.loc.gov/catdir/enhancements/fy0606/97038356-d.html"
          }
        ]
      }
    },
    {
      "994": {
        "ind1": "\\",
        "ind2": "\\",
        "subfields": [
          {
            "a": "Z0"
          },
          {
            "b": "NYRVC"
          }
        ]
      }
    },
    {
      "948": {
        "ind1": "\\",
        "ind2": "\\",
        "subfields": [
          {
            "h": "NO HOLDINGS IN NYRVC - 224 OTHER HOLDINGS"
          }
        ]
      }
    },
    {
      "999": {
        "ind1": "\\",
        "ind2": "\\",
        "subfields": [
          {
            "a": "00000000016188"
          }
        ]
      }
    }
  ]
}